<record><leader>00000cas a2200000 a 4500</leader><controlfield tag="001">28535752</controlfield><controlfield tag="008">930729c19939999nyuwr ne      0   a0eng c</controlfield><datafield ind1=" " ind2=" " tag="010"><subfield code="a">sn 93006328 </subfield></datafield><datafield ind1=" " ind2=" " tag="040"><subfield code="a">NSD</subfield><subfield code="b">eng</subfield><subfield code="c">NSD</subfield><subfield code="d">CNK</subfield><subfield code="d">CUS</subfield><subfield code="d">DLC</subfield><subfield code="d">NYS</subfield><subfield code="d">DLC</subfield><subfield code="d">OCLCQ</subfield><subfield code="d">OCLCF</subfield><subfield code="d">OCLCO</subfield><subfield code="d">OCL</subfield></datafield><datafield ind1=" " ind2=" " tag="012"><subfield code="l">1</subfield><subfield code="m">y</subfield></datafield><datafield ind1=" " ind2=" " tag="019"><subfield code="a">994494843</subfield></datafield><datafield ind1="1" ind2=" " tag="022"><subfield code="a">1071-0248</subfield><subfield code="l">1071-0248</subfield><subfield code="y">199--901X</subfield><subfield code="2">1</subfield></datafield><datafield ind1="1" ind2=" " tag="029"><subfield code="a">AU@</subfield><subfield code="b">000020736507</subfield></datafield><datafield ind1=" " ind2=" " tag="032"><subfield code="a">364010</subfield><subfield code="b">USPS</subfield></datafield><datafield ind1=" " ind2=" " tag="037"><subfield code="b">News India-Times, 224-5th Ave., New York, NY 10001</subfield></datafield><datafield ind1=" " ind2=" " tag="042"><subfield code="a">nsdp</subfield><subfield code="a">pcc</subfield></datafield><datafield ind1=" " ind2=" " tag="043"><subfield code="a">n-us-ny</subfield><subfield code="a">a-ii---</subfield></datafield><datafield ind1="0" ind2="0" tag="050"><subfield code="a">Newspaper</subfield></datafield><datafield ind1=" " ind2="0" tag="222"><subfield code="a">News India-times</subfield></datafield><datafield ind1="0" ind2="0" tag="245"><subfield code="a">News India-times.</subfield></datafield><datafield ind1=" " ind2=" " tag="260"><subfield code="a">New York, NY :</subfield><subfield code="b">Perry &amp; Co.</subfield></datafield><datafield ind1=" " ind2=" " tag="300"><subfield code="a">v.</subfield></datafield><datafield ind1=" " ind2=" " tag="310"><subfield code="a">Weekly</subfield></datafield><datafield ind1="0" ind2=" " tag="362"><subfield code="a">Vol. 23, no. 27 (July 2, 1993)-</subfield></datafield><datafield ind1=" " ind2=" " tag="530"><subfield code="a">Also issued by subscription via the World Wide Web.</subfield></datafield><datafield ind1=" " ind2=" " tag="530"><subfield code="a">Also issued on microfilm from the Library of Congress, Photoduplication Service.</subfield></datafield><datafield ind1=" " ind2=" " tag="588"><subfield code="a">Latest issue consulted: Vol. 35, no. 8 (Feb. 20, 2004).</subfield></datafield><datafield ind1=" " ind2="0" tag="650"><subfield code="a">East Indians</subfield><subfield code="z">New York (State)</subfield><subfield code="z">New York</subfield><subfield code="v">Newspapers.</subfield></datafield><datafield ind1=" " ind2="0" tag="651"><subfield code="a">India</subfield><subfield code="x">Social life and customs</subfield><subfield code="v">Newspapers.</subfield></datafield><datafield ind1=" " ind2="0" tag="651"><subfield code="a">India</subfield><subfield code="x">Politics and government</subfield><subfield code="v">Newspapers.</subfield></datafield><datafield ind1=" " ind2="0" tag="650"><subfield code="a">Immigrants</subfield><subfield code="z">New York (State)</subfield><subfield code="z">New York</subfield><subfield code="v">Newspapers.</subfield></datafield><datafield ind1=" " ind2="0" tag="651"><subfield code="a">New York (N.Y.)</subfield><subfield code="v">Newspapers.</subfield></datafield><datafield ind1=" " ind2="0" tag="651"><subfield code="a">New York County (N.Y.)</subfield><subfield code="v">Newspapers.</subfield></datafield><datafield ind1=" " ind2="7" tag="650"><subfield code="a">East Indians.</subfield><subfield code="2">fast</subfield><subfield code="0">(OCoLC)fst00901060</subfield></datafield><datafield ind1=" " ind2="7" tag="650"><subfield code="a">Immigrants.</subfield><subfield code="2">fast</subfield><subfield code="0">(OCoLC)fst00967712</subfield></datafield><datafield ind1=" " ind2="7" tag="650"><subfield code="a">Manners and customs.</subfield><subfield code="2">fast</subfield><subfield code="0">(OCoLC)fst01007815</subfield></datafield><datafield ind1=" " ind2="7" tag="650"><subfield code="a">Politics and government</subfield><subfield code="2">fast</subfield><subfield code="0">(OCoLC)fst01919741</subfield></datafield><datafield ind1=" " ind2="7" tag="651"><subfield code="a">India.</subfield><subfield code="2">fast</subfield><subfield code="0">(OCoLC)fst01210276</subfield></datafield><datafield ind1=" " ind2="7" tag="651"><subfield code="a">New York (State)</subfield><subfield code="z">New York.</subfield><subfield code="2">fast</subfield><subfield code="0">(OCoLC)fst01204333</subfield></datafield><datafield ind1=" " ind2="7" tag="651"><subfield code="a">New York (State)</subfield><subfield code="z">New York County.</subfield><subfield code="2">fast</subfield><subfield code="0">(OCoLC)fst01234953</subfield></datafield><datafield ind1=" " ind2="7" tag="655"><subfield code="a">Newspapers.</subfield><subfield code="2">fast</subfield><subfield code="0">(OCoLC)fst01423814</subfield></datafield><datafield ind1=" " ind2=" " tag="752"><subfield code="a">United States</subfield><subfield code="b">New York</subfield><subfield code="c">New York</subfield><subfield code="d">New York.</subfield></datafield><datafield ind1="0" ind2="0" tag="780"><subfield code="t">News India</subfield><subfield code="x">0199-901X</subfield><subfield code="w">(DLC)sn 80009214</subfield><subfield code="w">(OCoLC)6284593</subfield></datafield><datafield ind1="4" ind2="1" tag="856"><subfield code="u">http://www.softlineweb.com/softlineweb/ethnic.htm</subfield></datafield></record>